<?xml version="1.0" encoding="UTF-8"?><collection xmlns="http://www.loc.gov/MARC21/slim"><record><leader>00296nam--2200121-i-4500</leader><controlfield tag="001">000038126</controlfield><controlfield tag="002">20161230</controlfield><controlfield tag="005">20161230201041</controlfield><controlfield tag="008">060222s1000------------r-----000-0-eng-d</controlfield><datafield ind1=" " ind2=" " tag="080"><subfield code="a">621.039.5</subfield></datafield><datafield ind1=" " ind2=" " tag="245"><subfield code="a">Reactors u.k</subfield></datafield><datafield ind1=" " ind2=" " tag="260"><subfield code="a">London, United Kingdom Atomic Energy Aut.,1966. 109 P</subfield></datafield><datafield ind1=" " ind2=" " tag="852"><subfield code="a">25269</subfield></datafield></record></collection>